%YAML 1.1
%TAG !u! tag:unity3d.com,2011:
--- !u!1 &7376028380877903527
GameObject:
  m_ObjectHideFlags: 0
  m_CorrespondingSourceObject: {fileID: 0}
  m_PrefabInstance: {fileID: 0}
  m_PrefabAsset: {fileID: 0}
  serializedVersion: 6
  m_Component:
  - component: {fileID: 5588745303742979994}
  - component: {fileID: 1353631657728996438}
  - component: {fileID: 5573403745978348615}
  - component: {fileID: 302188095305648376}
  - component: {fileID: 7928603085852893985}
  - component: {fileID: 1415136145802253315}
  m_Layer: 0
  m_Name: Large Energy 1 1
  m_TagString: Energy
  m_Icon: {fileID: 0}
  m_NavMeshLayer: 0
  m_StaticEditorFlags: 0
  m_IsActive: 1
--- !u!4 &5588745303742979994
Transform:
  m_ObjectHideFlags: 0
  m_CorrespondingSourceObject: {fileID: 0}
  m_PrefabInstance: {fileID: 0}
  m_PrefabAsset: {fileID: 0}
  m_GameObject: {fileID: 7376028380877903527}
  m_LocalRotation: {x: 0, y: 0, z: 0, w: 1}
  m_LocalPosition: {x: 2.83, y: -2.2, z: -5.43}
  m_LocalScale: {x: 1, y: 1, z: 1}
  m_Children:
  - {fileID: 4524086988324104992}
  - {fileID: 4366725440458235165}
  m_Father: {fileID: 0}
  m_RootOrder: 0
  m_LocalEulerAnglesHint: {x: 0, y: 0, z: 0}
--- !u!33 &1353631657728996438
MeshFilter:
  m_ObjectHideFlags: 0
  m_CorrespondingSourceObject: {fileID: 0}
  m_PrefabInstance: {fileID: 0}
  m_PrefabAsset: {fileID: 0}
  m_GameObject: {fileID: 7376028380877903527}
  m_Mesh: {fileID: 10202, guid: 0000000000000000e000000000000000, type: 0}
--- !u!23 &5573403745978348615
MeshRenderer:
  m_ObjectHideFlags: 0
  m_CorrespondingSourceObject: {fileID: 0}
  m_PrefabInstance: {fileID: 0}
  m_PrefabAsset: {fileID: 0}
  m_GameObject: {fileID: 7376028380877903527}
  m_Enabled: 0
  m_CastShadows: 0
  m_ReceiveShadows: 1
  m_DynamicOccludee: 1
  m_MotionVectors: 1
  m_LightProbeUsage: 1
  m_ReflectionProbeUsage: 1
  m_RenderingLayerMask: 1
  m_RendererPriority: 0
  m_Materials:
  - {fileID: 10303, guid: 0000000000000000f000000000000000, type: 0}
  m_StaticBatchInfo:
    firstSubMesh: 0
    subMeshCount: 0
  m_StaticBatchRoot: {fileID: 0}
  m_ProbeAnchor: {fileID: 0}
  m_LightProbeVolumeOverride: {fileID: 0}
  m_ScaleInLightmap: 1
  m_ReceiveGI: 1
  m_PreserveUVs: 0
  m_IgnoreNormalsForChartDetection: 0
  m_ImportantGI: 0
  m_StitchLightmapSeams: 1
  m_SelectedEditorRenderState: 3
  m_MinimumChartSize: 4
  m_AutoUVMaxDistance: 0.5
  m_AutoUVMaxAngle: 89
  m_LightmapParameters: {fileID: 0}
  m_SortingLayerID: 0
  m_SortingLayer: 0
  m_SortingOrder: 0
--- !u!65 &302188095305648376
BoxCollider:
  m_ObjectHideFlags: 0
  m_CorrespondingSourceObject: {fileID: 0}
  m_PrefabInstance: {fileID: 0}
  m_PrefabAsset: {fileID: 0}
  m_GameObject: {fileID: 7376028380877903527}
  m_Material: {fileID: 0}
  m_IsTrigger: 1
  m_Enabled: 1
  serializedVersion: 2
  m_Size: {x: 1, y: 1, z: 1}
  m_Center: {x: 0, y: 0, z: 0}
--- !u!114 &7928603085852893985
MonoBehaviour:
  m_ObjectHideFlags: 0
  m_CorrespondingSourceObject: {fileID: 0}
  m_PrefabInstance: {fileID: 0}
  m_PrefabAsset: {fileID: 0}
  m_GameObject: {fileID: 7376028380877903527}
  m_Enabled: 1
  m_EditorHideFlags: 0
  m_Script: {fileID: 11500000, guid: f6abd358d3d32cc4eb4aae1437659bdc, type: 3}
  m_Name: 
  m_EditorClassIdentifier: 
  energyAmount: 20
  moveMultiplier: 2
  rb: {fileID: 1415136145802253315}
  col: {fileID: 0}
  switchHolder: {fileID: 0}
  slots: []
  trash: {fileID: 0}
  rootObj: {fileID: 7376028380877903527}
  duplicate: {fileID: 0}
  speed: 20
  secondsWait: 3
  slotPosition: 0
--- !u!54 &1415136145802253315
Rigidbody:
  m_ObjectHideFlags: 0
  m_CorrespondingSourceObject: {fileID: 0}
  m_PrefabInstance: {fileID: 0}
  m_PrefabAsset: {fileID: 0}
  m_GameObject: {fileID: 7376028380877903527}
  serializedVersion: 2
  m_Mass: 0.7
  m_Drag: 1
  m_AngularDrag: 0.05
  m_UseGravity: 0
  m_IsKinematic: 0
  m_Interpolate: 0
  m_Constraints: 116
  m_CollisionDetection: 0
--- !u!114 &3542226002925880317
MonoBehaviour:
  m_ObjectHideFlags: 0
  m_CorrespondingSourceObject: {fileID: 0}
  m_PrefabInstance: {fileID: 0}
  m_PrefabAsset: {fileID: 0}
  m_GameObject: {fileID: 1237583569800408031}
  m_Enabled: 1
  m_EditorHideFlags: 0
  m_Script: {fileID: 11500000, guid: 52eee642ed6b28d42afe7783b6fa1993, type: 3}
  m_Name: 
  m_EditorClassIdentifier: 
  parent: {fileID: 7376028380877903527}
--- !u!1001 &8782878440638723591
PrefabInstance:
  m_ObjectHideFlags: 0
  serializedVersion: 2
  m_Modification:
    m_TransformParent: {fileID: 5588745303742979994}
    m_Modifications:
    - target: {fileID: -927199367670048503, guid: d327b4594adcca643b05d25163100459,
        type: 3}
      propertyPath: m_Name
      value: largeEng
      objectReference: {fileID: 0}
    - target: {fileID: -4216859302048453862, guid: d327b4594adcca643b05d25163100459,
        type: 3}
      propertyPath: m_LocalPosition.x
      value: 1.7
      objectReference: {fileID: 0}
    - target: {fileID: -4216859302048453862, guid: d327b4594adcca643b05d25163100459,
        type: 3}
      propertyPath: m_LocalPosition.y
      value: -0.8
      objectReference: {fileID: 0}
    - target: {fileID: -4216859302048453862, guid: d327b4594adcca643b05d25163100459,
        type: 3}
      propertyPath: m_LocalPosition.z
      value: 0
      objectReference: {fileID: 0}
    - target: {fileID: -4216859302048453862, guid: d327b4594adcca643b05d25163100459,
        type: 3}
      propertyPath: m_LocalRotation.x
      value: -0.7071068
      objectReference: {fileID: 0}
    - target: {fileID: -4216859302048453862, guid: d327b4594adcca643b05d25163100459,
        type: 3}
      propertyPath: m_LocalRotation.y
      value: 0
      objectReference: {fileID: 0}
    - target: {fileID: -4216859302048453862, guid: d327b4594adcca643b05d25163100459,
        type: 3}
      propertyPath: m_LocalRotation.z
      value: 0
      objectReference: {fileID: 0}
    - target: {fileID: -4216859302048453862, guid: d327b4594adcca643b05d25163100459,
        type: 3}
      propertyPath: m_LocalRotation.w
      value: 0.7071068
      objectReference: {fileID: 0}
    - target: {fileID: -4216859302048453862, guid: d327b4594adcca643b05d25163100459,
        type: 3}
      propertyPath: m_RootOrder
      value: 1
      objectReference: {fileID: 0}
    - target: {fileID: -4216859302048453862, guid: d327b4594adcca643b05d25163100459,
        type: 3}
      propertyPath: m_LocalEulerAnglesHint.x
      value: -90
      objectReference: {fileID: 0}
    - target: {fileID: -4216859302048453862, guid: d327b4594adcca643b05d25163100459,
        type: 3}
      propertyPath: m_LocalEulerAnglesHint.y
      value: 0
      objectReference: {fileID: 0}
    - target: {fileID: -4216859302048453862, guid: d327b4594adcca643b05d25163100459,
        type: 3}
      propertyPath: m_LocalEulerAnglesHint.z
      value: 0
      objectReference: {fileID: 0}
    - target: {fileID: -4216859302048453862, guid: d327b4594adcca643b05d25163100459,
        type: 3}
      propertyPath: m_LocalScale.x
      value: 0.001
      objectReference: {fileID: 0}
    - target: {fileID: -4216859302048453862, guid: d327b4594adcca643b05d25163100459,
        type: 3}
      propertyPath: m_LocalScale.y
      value: 0.001
      objectReference: {fileID: 0}
    - target: {fileID: -4216859302048453862, guid: d327b4594adcca643b05d25163100459,
        type: 3}
      propertyPath: m_LocalScale.z
      value: 0.001
      objectReference: {fileID: 0}
    m_RemovedComponents: []
  m_SourcePrefab: {fileID: 100100000, guid: d327b4594adcca643b05d25163100459, type: 3}
--- !u!4 &4366725440458235165 stripped
Transform:
  m_CorrespondingSourceObject: {fileID: -4216859302048453862, guid: d327b4594adcca643b05d25163100459,
    type: 3}
  m_PrefabInstance: {fileID: 8782878440638723591}
  m_PrefabAsset: {fileID: 0}
--- !u!1001 &9221821790175230478
PrefabInstance:
  m_ObjectHideFlags: 0
  serializedVersion: 2
  m_Modification:
    m_TransformParent: {fileID: 5588745303742979994}
    m_Modifications:
    - target: {fileID: 7986775207107482065, guid: a7e9c16b988280543af8d8a699383603,
        type: 3}
      propertyPath: m_Name
      value: UniformSizeCollider
      objectReference: {fileID: 0}
    - target: {fileID: 7986775207107482065, guid: a7e9c16b988280543af8d8a699383603,
        type: 3}
      propertyPath: m_TagString
      value: EnergyMovementCollider
      objectReference: {fileID: 0}
    - target: {fileID: 4698018753951011118, guid: a7e9c16b988280543af8d8a699383603,
        type: 3}
      propertyPath: m_LocalPosition.x
      value: 0
      objectReference: {fileID: 0}
    - target: {fileID: 4698018753951011118, guid: a7e9c16b988280543af8d8a699383603,
        type: 3}
      propertyPath: m_LocalPosition.y
      value: 0
      objectReference: {fileID: 0}
    - target: {fileID: 4698018753951011118, guid: a7e9c16b988280543af8d8a699383603,
        type: 3}
      propertyPath: m_LocalPosition.z
      value: 0
      objectReference: {fileID: 0}
    - target: {fileID: 4698018753951011118, guid: a7e9c16b988280543af8d8a699383603,
        type: 3}
      propertyPath: m_LocalRotation.x
      value: -0.7071068
      objectReference: {fileID: 0}
    - target: {fileID: 4698018753951011118, guid: a7e9c16b988280543af8d8a699383603,
        type: 3}
      propertyPath: m_LocalRotation.y
      value: 0
      objectReference: {fileID: 0}
    - target: {fileID: 4698018753951011118, guid: a7e9c16b988280543af8d8a699383603,
        type: 3}
      propertyPath: m_LocalRotation.z
      value: -0
      objectReference: {fileID: 0}
    - target: {fileID: 4698018753951011118, guid: a7e9c16b988280543af8d8a699383603,
        type: 3}
      propertyPath: m_LocalRotation.w
      value: 0.7071068
      objectReference: {fileID: 0}
    - target: {fileID: 4698018753951011118, guid: a7e9c16b988280543af8d8a699383603,
        type: 3}
      propertyPath: m_RootOrder
      value: 0
      objectReference: {fileID: 0}
    - target: {fileID: 4698018753951011118, guid: a7e9c16b988280543af8d8a699383603,
        type: 3}
      propertyPath: m_LocalEulerAnglesHint.x
      value: 0
      objectReference: {fileID: 0}
    - target: {fileID: 4698018753951011118, guid: a7e9c16b988280543af8d8a699383603,
        type: 3}
      propertyPath: m_LocalEulerAnglesHint.y
      value: 0
      objectReference: {fileID: 0}
    - target: {fileID: 4698018753951011118, guid: a7e9c16b988280543af8d8a699383603,
        type: 3}
      propertyPath: m_LocalEulerAnglesHint.z
      value: 0
      objectReference: {fileID: 0}
    - target: {fileID: 5320573270698850684, guid: a7e9c16b988280543af8d8a699383603,
        type: 3}
      propertyPath: m_Size.y
      value: 1
      objectReference: {fileID: 0}
    - target: {fileID: 5320573270698850684, guid: a7e9c16b988280543af8d8a699383603,
        type: 3}
      propertyPath: m_Center.x
      value: 0
      objectReference: {fileID: 0}
    - target: {fileID: 5320573270698850684, guid: a7e9c16b988280543af8d8a699383603,
        type: 3}
      propertyPath: m_Center.y
      value: 0
      objectReference: {fileID: 0}
    - target: {fileID: 5320573270698850684, guid: a7e9c16b988280543af8d8a699383603,
        type: 3}
      propertyPath: m_Size.x
      value: 10
      objectReference: {fileID: 0}
    - target: {fileID: 5320573270698850684, guid: a7e9c16b988280543af8d8a699383603,
        type: 3}
      propertyPath: m_Size.z
      value: 10
      objectReference: {fileID: 0}
    - target: {fileID: 1205243322574231474, guid: a7e9c16b988280543af8d8a699383603,
        type: 3}
      propertyPath: m_Enabled
      value: 0
      objectReference: {fileID: 0}
    m_RemovedComponents: []
  m_SourcePrefab: {fileID: 100100000, guid: a7e9c16b988280543af8d8a699383603, type: 3}
--- !u!1 &1237583569800408031 stripped
GameObject:
  m_CorrespondingSourceObject: {fileID: 7986775207107482065, guid: a7e9c16b988280543af8d8a699383603,
    type: 3}
  m_PrefabInstance: {fileID: 9221821790175230478}
  m_PrefabAsset: {fileID: 0}
--- !u!4 &4524086988324104992 stripped
Transform:
  m_CorrespondingSourceObject: {fileID: 4698018753951011118, guid: a7e9c16b988280543af8d8a699383603,
    type: 3}
  m_PrefabInstance: {fileID: 9221821790175230478}
  m_PrefabAsset: {fileID: 0}
